<record><leader>00000cas a22000007a 4500</leader><controlfield tag="001">14052352</controlfield><controlfield tag="008">860806d18921uuutxuwr ne      0    0eng d</controlfield><datafield ind1=" " ind2=" " tag="010"><subfield code="a">sn 86088171 </subfield></datafield><datafield ind1=" " ind2=" " tag="040"><subfield code="a">PPM</subfield><subfield code="b">eng</subfield><subfield code="c">PPM</subfield><subfield code="d">OCLCQ</subfield></datafield><datafield ind1=" " ind2=" " tag="042"><subfield code="a">msc</subfield></datafield><datafield ind1="0" ind2="4" tag="245"><subfield code="a">The Times-standard.</subfield></datafield><datafield ind1=" " ind2=" " tag="260"><subfield code="a">Bellville, Tex. :</subfield><subfield code="b">Hill and Haggerty</subfield></datafield><datafield ind1=" " ind2=" " tag="300"><subfield code="a">v.</subfield></datafield><datafield ind1=" " ind2=" " tag="310"><subfield code="a">Weekly</subfield></datafield><datafield ind1="1" ind2=" " tag="362"><subfield code="a">Began in Feb. 1892.</subfield></datafield><datafield ind1=" " ind2=" " tag="500"><subfield code="a">Continues numbering of Austin County times.</subfield></datafield><datafield ind1=" " ind2=" " tag="580"><subfield code="a">Formed by the union of: Austin County times, and Standard.</subfield></datafield><datafield ind1=" " ind2=" " tag="588"><subfield code="a">Description based on: Vol. 14, no. 20 (July 7, 1893).</subfield></datafield><datafield ind1=" " ind2=" " tag="752"><subfield code="a">United States</subfield><subfield code="b">Texas</subfield><subfield code="c">Austin</subfield><subfield code="d">Bellville.</subfield></datafield><datafield ind1="1" ind2="4" tag="780"><subfield code="t">Austin County times</subfield></datafield><datafield ind1="1" ind2="4" tag="780"><subfield code="t">Standard</subfield></datafield></record>